@Article{Hexe,
  author =       "Hexe",
  title =        "Sex Work and Surveillance",
  journal =      "Model View Culture",
  day =          "6",
  month =        "October",
  year =         "2014",
  DOI =          "https://modelviewculture.com/pieces/sex-work-and-surveillance"
} 

@Article{PGPWebTrust,
  author =       "Alfarez Abdul-Rahman",
  title =        "The PGP Trust Model",
  journal =      "EDI-Forum: the Journal of Electronic Commerce",
  volume =       "10",
  number =       "3",
  pages =        "27-31",
  year =         "1997",
  DOI =          "https://pdfs.semanticscholar.org/e9aa/5d8032c1d925ea6a02dd3be93f42e831c965.pdf"
} 

@Article{ImprovingPGPWebTrust,
  author =       "Guibing Guo",
  author =       "Jie Zhang",
  author =       "Julita Vassileva",
  title =        "Improving PGP Web of Trust through the Expansion of Trusted Neighborhood",
  journal =      "IEEE/WIC/ACM International Conferences on Web Intelligence and Intelligent Agent Technology",
  year =         "2011",
  DOI =          "https://www.librec.net/luckymoon.me/papers/guo2011expanding.pdf"
} 

@Article{HBSPaper,
  author =       "Michael Luca",
  title =        "Designing Online Marketplaces:
Trust and Reputation Mechanisms",
  year =         "2016",
  DOI =          "http://www.hbs.edu/faculty/Publication%20Files/17-017_ec4ccdc0-4348-4eb9-9f46-86e1ac696b4f.pdf"
} 

@Article{RepCoin,
  author =       "Elli Androulaki",
  title =        "Reputation Systems for Anonymous Networks",
  journal =      "Proceedings of Symposium on Privacy-Enhancing Technologies (PET)",
  year =         "2008",
  DOI =          "https://www.cs.columbia.edu/~smb/papers/anonrep.pdf"
} 

@Article{AnonRep,
  author =       "Ennan Zhai",
  title =        "AnonRep: Towards Tracking-Resistant Anonymous Reputation",
  journal =      "USENIX Symposium on Networked Systems Design and Implementation",
  number =       "13",
  year =         "2016",
  DOI =          "http://www.cs.yale.edu/homes/zhai-ennan/zhai16anonrep.pdf"
} 

@Article{CryptDB,
  author =       "Raluca Ada Popa",
  title =        "CryptDB: Protecting Confidentiality with Encrypted Query Processing",
  journal =      "SOSP",
  year =         "2011",
} 